
    <zs:record>
      <zs:recordSchema/>
      <zs:recordPacking>xml</zs:recordPacking>
      <zs:recordData>
        <record xmlns="http://www.loc.gov/MARC21/slim">
          <leader>05084cgm a22007577a 4500</leader>
          <controlfield tag="001">11662709</controlfield>
          <controlfield tag="005">20101220110151.0</controlfield>
          <controlfield tag="007">vducgaizu</controlfield>
          <controlfield tag="007">mrucdaafu</controlfield>
          <controlfield tag="008">951206r19951994xxu133            mleng  </controlfield>
          <datafield tag="906" ind1=" " ind2=" ">
            <subfield code="a">7</subfield>
            <subfield code="b">cbc</subfield>
            <subfield code="c">orignew</subfield>
            <subfield code="d">u</subfield>
            <subfield code="e">ncip</subfield>
            <subfield code="f">19</subfield>
            <subfield code="g">y-movingim</subfield>
          </datafield>
          <datafield tag="035" ind1=" " ind2=" ">
            <subfield code="9">(DLC)   95522294</subfield>
          </datafield>
          <datafield tag="010" ind1=" " ind2=" ">
            <subfield code="a">   95522294 </subfield>
          </datafield>
          <datafield tag="040" ind1=" " ind2=" ">
            <subfield code="a">DLC</subfield>
            <subfield code="c">DLC</subfield>
            <subfield code="d">DLC</subfield>
            <subfield code="e">amim</subfield>
          </datafield>
          <datafield tag="041" ind1="1" ind2=" ">
            <subfield code="a">eng</subfield>
            <subfield code="a">fre</subfield>
            <subfield code="b">eng</subfield>
            <subfield code="h">fre</subfield>
          </datafield>
          <datafield tag="043" ind1=" " ind2=" ">
            <subfield code="a">e-fr---</subfield>
          </datafield>
          <datafield tag="050" ind1="0" ind2="0">
            <subfield code="a">DAA 2926 (viewing copy)</subfield>
          </datafield>
          <datafield tag="050" ind1="0" ind2="0">
            <subfield code="a">CGC 2152-2158 (ref print)</subfield>
          </datafield>
          <datafield tag="130" ind1="0" ind2=" ">
            <subfield code="a">Prêt-à-porter (Motion picture)</subfield>
          </datafield>
          <datafield tag="245" ind1="1" ind2="0">
            <subfield code="a">Prêt-à-porter--ready to wear /</subfield>
            <subfield code="c">Miramax Film International, Pret Productions ; directed and produced by Robert Altman ; written by Robert Altman &amp; Barbara Shulgasser.</subfield>
          </datafield>
          <datafield tag="246" ind1="3" ind2="1">
            <subfield code="a">Ready to wear</subfield>
          </datafield>
          <datafield tag="246" ind1="3" ind2=" ">
            <subfield code="a">Pret-a-port</subfield>
          </datafield>
          <datafield tag="246" ind1="3" ind2=" ">
            <subfield code="a">Robert Altman's Ready to wear</subfield>
          </datafield>
          <datafield tag="257" ind1=" " ind2=" ">
            <subfield code="a">U.S.</subfield>
          </datafield>
          <datafield tag="260" ind1=" " ind2=" ">
            <subfield code="a">United States :</subfield>
            <subfield code="b">Miramax Films,</subfield>
            <subfield code="c">1994 ;</subfield>
            <subfield code="a">United States :</subfield>
            <subfield code="b">Miramax Home Entertainment :</subfield>
            <subfield code="b">Buena Vista Home Video,</subfield>
            <subfield code="c">[1995]</subfield>
          </datafield>
          <datafield tag="300" ind1=" " ind2=" ">
            <subfield code="a">2 videodiscs of 2 (laser) (ca. 133 min.) :</subfield>
            <subfield code="b">sd., col., letterboxed ;</subfield>
            <subfield code="c">12 in. viewing copy.</subfield>
          </datafield>
          <datafield tag="300" ind1=" " ind2=" ">
            <subfield code="a">14 reels of 14 on 7 (ca. 11970 ft.) :</subfield>
            <subfield code="b">sd., col., anamorphic ;</subfield>
            <subfield code="c">35 mm. ref print.</subfield>
          </datafield>
          <datafield tag="500" ind1=" " ind2=" ">
            <subfield code="a">Copyright: no reg.</subfield>
          </datafield>
          <datafield tag="500" ind1=" " ind2=" ">
            <subfield code="a">Copyright notice on film: Miramax Film Corp. ; 1994.</subfield>
          </datafield>
          <datafield tag="500" ind1=" " ind2=" ">
            <subfield code="a">Main title appears onscreen as Prêt-à-porter--ready to wear and is presented to appear as if it were the main title of a French film with an English language release title; however, the film is a U.S. production not a French film; title appears on videodisc label as Robert Altman's Ready to wear; title appears on ref print reel band as Pret-a-port; title more commonly known in U.S. sources as Ready to wear.</subfield>
          </datafield>
          <datafield tag="508" ind1=" " ind2=" ">
            <subfield code="a">Executive producers, Bob Weinstein, Harvey Weinstein, Ian Jessel ; score composed by Michel Legrand ; edited by Geraldine Peroni ; directors of photography, Pierre Mignot, Jean Lépine ; film editor, Suzy Elmiger.</subfield>
          </datafield>
          <datafield tag="511" ind1="1" ind2=" ">
            <subfield code="a">Anouk Aimée (Simone Lowenthal), Marcello Mastroianni (Sergei/Sergio), Sophia Loren (Isabella de la Fontaine), Kim Basinger (Kitty Potter), Stephen Rea (Milo O'Brannagan).</subfield>
          </datafield>
          <datafield tag="500" ind1=" " ind2=" ">
            <subfield code="a">Baseline, 12/6/95 indicates that Miramax Home Entertainment distributes video copies through Buena Vista Home Entertainment, which is given as the distributor on videodisc jacket; licensed and distributed by Image Entertainment also appears on videodisc jacket, which cannot be verified.</subfield>
          </datafield>
          <datafield tag="500" ind1=" " ind2=" ">
            <subfield code="a">On leader: BV1 Distribution; may relate to Buena Vista Home Video.</subfield>
          </datafield>
          <datafield tag="500" ind1=" " ind2=" ">
            <subfield code="a">Aspect ratio is 2.20:1 per videodisc jacket.</subfield>
          </datafield>
          <datafield tag="500" ind1=" " ind2=" ">
            <subfield code="a">Two videodiscs in one videodisc jacket.</subfield>
            <subfield code="5">DLC</subfield>
          </datafield>
          <datafield tag="500" ind1=" " ind2=" ">
            <subfield code="a">LC holds original release copy (ref print) and videodisc reissue copy (viewing copy).</subfield>
            <subfield code="5">DLC</subfield>
          </datafield>
          <datafield tag="520" ind1=" " ind2=" ">
            <subfield code="a">In Moscow, Sergei purchases two Dior ties, one of which Olivier de la Fontaine, head of the French Fashion Council, receives. He visits his lover, fashion designer Simone Lowenthal, and then dies choking on a ham sandwich. Fashion reporters converge on Paris for the ready to wear fashion shows and schemes and intrigues ensue among them and the designers. De la Fontaine's death turns out to be an accident. Lowenthal expresses her contempt for the fashion scene by ending her show with nude models.</subfield>
          </datafield>
          <datafield tag="500" ind1=" " ind2=" ">
            <subfield code="a">Summary adapted from Sight and sound, Mar. 1995, p. 47.</subfield>
          </datafield>
          <datafield tag="500" ind1=" " ind2=" ">
            <subfield code="a">In English and French with English subtitles; part of opening credits in Russian with English subtitles.</subfield>
          </datafield>
          <datafield tag="500" ind1=" " ind2=" ">
            <subfield code="a">On videodisc jacket: Buena Vista Home Video 4438 AS; 86936-4438-6.</subfield>
          </datafield>
          <datafield tag="500" ind1=" " ind2=" ">
            <subfield code="a">Sources used: Baseline, 12/6/95; Sight and sound, Mar. 1995, p. 47; Annual index to motion picture credits, 1994, p. 73; Movie/tv marketing, 1995-1996 global motion picture yearbook, p. 45; Variety, 12/12/94; Videolog, 8/30/95, p. 120-255A.</subfield>
          </datafield>
          <datafield tag="541" ind1=" " ind2=" ">
            <subfield code="d">Received: 9/8/95;</subfield>
            <subfield code="3">viewing copy;</subfield>
            <subfield code="c">purchase, paperwork in ACQ: LC Purchase, 1995 file;</subfield>
            <subfield code="a">LC Purchase Collection.</subfield>
          </datafield>
          <datafield tag="541" ind1=" " ind2=" ">
            <subfield code="d">Received: 9/6/95;</subfield>
            <subfield code="3">ref print;</subfield>
            <subfield code="c">copyright deposit--407;</subfield>
            <subfield code="a">Copyright Collection.</subfield>
          </datafield>
          <datafield tag="650" ind1=" " ind2="0">
            <subfield code="a">Fashion</subfield>
            <subfield code="v">Drama.</subfield>
          </datafield>
          <datafield tag="650" ind1=" " ind2="0">
            <subfield code="a">Ready-to-wear clothing industry</subfield>
            <subfield code="v">Drama.</subfield>
          </datafield>
          <datafield tag="650" ind1=" " ind2="0">
            <subfield code="a">Fashion shows</subfield>
            <subfield code="z">France</subfield>
            <subfield code="z">Paris</subfield>
            <subfield code="v">Drama.</subfield>
          </datafield>
          <datafield tag="650" ind1=" " ind2="0">
            <subfield code="a">Fashion designers</subfield>
            <subfield code="z">France</subfield>
            <subfield code="z">Paris</subfield>
            <subfield code="v">Drama.</subfield>
          </datafield>
          <datafield tag="650" ind1=" " ind2="0">
            <subfield code="a">Models (Persons)</subfield>
            <subfield code="z">France</subfield>
            <subfield code="z">Paris</subfield>
            <subfield code="v">Drama.</subfield>
          </datafield>
          <datafield tag="655" ind1=" " ind2="7">
            <subfield code="a">Comedies.</subfield>
            <subfield code="2">mim</subfield>
          </datafield>
          <datafield tag="655" ind1=" " ind2="7">
            <subfield code="a">Features.</subfield>
            <subfield code="2">mim</subfield>
          </datafield>
          <datafield tag="655" ind1=" " ind2="7">
            <subfield code="a">Videodiscs.</subfield>
            <subfield code="2">gmgpc</subfield>
          </datafield>
          <datafield tag="700" ind1="1" ind2=" ">
            <subfield code="a">Altman, Robert,</subfield>
            <subfield code="d">1925-2006,</subfield>
            <subfield code="e">direction,</subfield>
            <subfield code="e">writing.</subfield>
          </datafield>
          <datafield tag="700" ind1="1" ind2=" ">
            <subfield code="a">Shulgasser-Parker, Barbara,</subfield>
            <subfield code="e">writing.</subfield>
          </datafield>
          <datafield tag="700" ind1="1" ind2=" ">
            <subfield code="a">Aimée, Anouk,</subfield>
            <subfield code="d">1932-</subfield>
            <subfield code="e">cast.</subfield>
          </datafield>
          <datafield tag="700" ind1="1" ind2=" ">
            <subfield code="a">Mastroianni, Marcello,</subfield>
            <subfield code="d">1924-1996,</subfield>
            <subfield code="e">cast.</subfield>
          </datafield>
          <datafield tag="700" ind1="1" ind2=" ">
            <subfield code="a">Loren, Sophia,</subfield>
            <subfield code="d">1934-</subfield>
            <subfield code="e">cast.</subfield>
          </datafield>
          <datafield tag="710" ind1="2" ind2=" ">
            <subfield code="a">Miramax Films.</subfield>
          </datafield>
          <datafield tag="710" ind1="2" ind2=" ">
            <subfield code="a">Miramax Home Entertainment (Firm)</subfield>
          </datafield>
          <datafield tag="710" ind1="2" ind2=" ">
            <subfield code="a">Buena Vista Home Video (Firm)</subfield>
          </datafield>
          <datafield tag="710" ind1="2" ind2=" ">
            <subfield code="a">LC Purchase Collection (Library of Congress)</subfield>
            <subfield code="5">DLC</subfield>
          </datafield>
          <datafield tag="710" ind1="2" ind2=" ">
            <subfield code="a">Copyright Collection (Library of Congress)</subfield>
            <subfield code="5">DLC</subfield>
          </datafield>
          <datafield tag="952" ind1=" " ind2=" ">
            <subfield code="a">Screened for credits only.</subfield>
          </datafield>
          <datafield tag="953" ind1=" " ind2=" ">
            <subfield code="a">TE01</subfield>
          </datafield>
          <datafield tag="991" ind1=" " ind2=" ">
            <subfield code="b">c-MP&amp;TV</subfield>
            <subfield code="h">DAA 2926 (viewing copy)</subfield>
            <subfield code="w">MUMS VM File</subfield>
          </datafield>
          <datafield tag="991" ind1=" " ind2=" ">
            <subfield code="b">c-MP&amp;TV</subfield>
            <subfield code="h">CGC 2152-2158 (ref print)</subfield>
            <subfield code="w">MUMS VM File</subfield>
          </datafield>
        </record>
      </zs:recordData>
      <zs:recordPosition>7</zs:recordPosition>
    </zs:record>