
    <zs:record>
      <zs:recordSchema/>
      <zs:recordPacking>xml</zs:recordPacking>
      <zs:recordData>
        <record xmlns="http://www.loc.gov/MARC21/slim">
          <leader>01412cam a2200361 i 4500</leader>
          <controlfield tag="001">21382326</controlfield>
          <controlfield tag="005">20211018153829.0</controlfield>
          <controlfield tag="006">m    |o  d |      </controlfield>
          <controlfield tag="007">cr||||||||||||</controlfield>
          <controlfield tag="008">150425s2015    nyu     ob    001 0 eng  </controlfield>
          <datafield tag="906" ind1=" " ind2=" ">
            <subfield code="a">7</subfield>
            <subfield code="b">cbc</subfield>
            <subfield code="c">origcop</subfield>
            <subfield code="d">1</subfield>
            <subfield code="e">ecip</subfield>
            <subfield code="f">20</subfield>
            <subfield code="g">y-gencatlg</subfield>
          </datafield>
          <datafield tag="925" ind1="0" ind2=" ">
            <subfield code="a">acquire</subfield>
            <subfield code="b">ecip ebook</subfield>
            <subfield code="x">policy default</subfield>
          </datafield>
          <datafield tag="955" ind1=" " ind2=" ">
            <subfield code="b">ecip ebook 2020-01-10</subfield>
            <subfield code="f">xn16 2020-03-13 book rec'd</subfield>
          </datafield>
          <datafield tag="010" ind1=" " ind2=" ">
            <subfield code="a">  2019716112</subfield>
          </datafield>
          <datafield tag="020" ind1=" " ind2=" ">
            <subfield code="a">9781634829212 (pdf)</subfield>
          </datafield>
          <datafield tag="020" ind1=" " ind2=" ">
            <subfield code="z">9781634828901</subfield>
            <subfield code="q">(hardcover)</subfield>
          </datafield>
          <datafield tag="040" ind1=" " ind2=" ">
            <subfield code="a">DLC</subfield>
            <subfield code="b">eng</subfield>
            <subfield code="c">DLC</subfield>
            <subfield code="e">rda</subfield>
            <subfield code="d">DLC</subfield>
          </datafield>
          <datafield tag="050" ind1="0" ind2="0">
            <subfield code="a">RC827</subfield>
          </datafield>
          <datafield tag="082" ind1="0" ind2="0">
            <subfield code="a">616.3/32</subfield>
            <subfield code="2">23</subfield>
          </datafield>
          <datafield tag="130" ind1="0" ind2=" ">
            <subfield code="a">Proton pump inhibitors (2015 )</subfield>
          </datafield>
          <datafield tag="245" ind1="1" ind2="0">
            <subfield code="a">Proton pump inhibitors (PPIs) :</subfield>
            <subfield code="b">prevalence of use, effectiveness and implications for clinicians /</subfield>
            <subfield code="c">Barbara Parker, editor.</subfield>
          </datafield>
          <datafield tag="264" ind1=" " ind2="1">
            <subfield code="a">New York :</subfield>
            <subfield code="b">Nova Biomedical,</subfield>
            <subfield code="c">[2015]</subfield>
          </datafield>
          <datafield tag="300" ind1=" " ind2=" ">
            <subfield code="a">1 online resource</subfield>
          </datafield>
          <datafield tag="336" ind1=" " ind2=" ">
            <subfield code="a">text</subfield>
            <subfield code="b">txt</subfield>
            <subfield code="2">rdacontent</subfield>
          </datafield>
          <datafield tag="337" ind1=" " ind2=" ">
            <subfield code="a">computer</subfield>
            <subfield code="b">c</subfield>
            <subfield code="2">rdamedia</subfield>
          </datafield>
          <datafield tag="338" ind1=" " ind2=" ">
            <subfield code="a">online</subfield>
            <subfield code="b">cr</subfield>
            <subfield code="2">rdacarrier</subfield>
          </datafield>
          <datafield tag="490" ind1="0" ind2=" ">
            <subfield code="a">Pharmacology - research, safety testing and regulation</subfield>
          </datafield>
          <datafield tag="504" ind1=" " ind2=" ">
            <subfield code="a">Includes bibliographical references and index.</subfield>
          </datafield>
          <datafield tag="588" ind1=" " ind2=" ">
            <subfield code="a">Description based on print version record.</subfield>
          </datafield>
          <datafield tag="650" ind1=" " ind2="0">
            <subfield code="a">Proton pump inhibitors.</subfield>
          </datafield>
          <datafield tag="700" ind1="1" ind2=" ">
            <subfield code="a">Parker, Barbara,</subfield>
            <subfield code="d">1943-</subfield>
            <subfield code="e">editor.</subfield>
          </datafield>
          <datafield tag="776" ind1="0" ind2="8">
            <subfield code="i">Print version:</subfield>
            <subfield code="t">Proton pump inhibitors (PPIs)</subfield>
            <subfield code="d">New York : Nova Biomedical, [2015]</subfield>
            <subfield code="z">9781634828901</subfield>
            <subfield code="w">(DLC)  2015939742</subfield>
          </datafield>
          <datafield tag="985" ind1=" " ind2=" ">
            <subfield code="a">LC online resource</subfield>
            <subfield code="d">2020-01-10</subfield>
          </datafield>
        </record>
      </zs:recordData>
      <zs:recordPosition>9</zs:recordPosition>
    </zs:record>