
    <zs:record>
      <zs:recordSchema/>
      <zs:recordPacking>xml</zs:recordPacking>
      <zs:recordData>
        <record xmlns="http://www.loc.gov/MARC21/slim">
          <leader>01589cam a2200385 a 4500</leader>
          <controlfield tag="001">12746931</controlfield>
          <controlfield tag="005">20030617171850.0</controlfield>
          <controlfield tag="008">020418r20031988nyua     b   f001 0 eng  </controlfield>
          <datafield tag="906" ind1=" " ind2=" ">
            <subfield code="a">7</subfield>
            <subfield code="b">cbc</subfield>
            <subfield code="c">origcop</subfield>
            <subfield code="d">2</subfield>
            <subfield code="e">epcn</subfield>
            <subfield code="f">20</subfield>
            <subfield code="g">y-gencatlg</subfield>
          </datafield>
          <datafield tag="925" ind1="0" ind2=" ">
            <subfield code="a">acquire</subfield>
            <subfield code="b">2 shelf copies</subfield>
            <subfield code="x">policy default</subfield>
          </datafield>
          <datafield tag="955" ind1=" " ind2=" ">
            <subfield code="a">sf02 2003-06-16 Preprocessor copy/merge</subfield>
            <subfield code="c">sf02 2003-06-16</subfield>
            <subfield code="d">sf12 2003-06-17</subfield>
            <subfield code="e">sf15 2003-06-17 to Dewey</subfield>
          </datafield>
          <datafield tag="955" ind1=" " ind2=" ">
            <subfield code="a">pc16 2002-04-18</subfield>
            <subfield code="a">pv02 2003-03-21 to HLCD</subfield>
          </datafield>
          <datafield tag="010" ind1=" " ind2=" ">
            <subfield code="a">  2002105440</subfield>
          </datafield>
          <datafield tag="020" ind1=" " ind2=" ">
            <subfield code="a">0971958734</subfield>
          </datafield>
          <datafield tag="040" ind1=" " ind2=" ">
            <subfield code="a">DLC</subfield>
            <subfield code="c">DLC</subfield>
          </datafield>
          <datafield tag="043" ind1=" " ind2=" ">
            <subfield code="a">n-usn--</subfield>
            <subfield code="a">n-usl--</subfield>
            <subfield code="a">n-uss--</subfield>
          </datafield>
          <datafield tag="050" ind1="0" ind2="0">
            <subfield code="a">F106</subfield>
            <subfield code="b">.R39 2003</subfield>
          </datafield>
          <datafield tag="082" ind1="0" ind2="4">
            <subfield code="a">974</subfield>
            <subfield code="2">19</subfield>
          </datafield>
          <datafield tag="245" ind1="0" ind2="4">
            <subfield code="a">The recovery of meaning :</subfield>
            <subfield code="b">historical archaeology in the eastern United States /</subfield>
            <subfield code="c">edited by Mark P. Leone and Parker B. Potter, Jr. ; with a new prologue by Mark P. Leone.</subfield>
          </datafield>
          <datafield tag="250" ind1=" " ind2=" ">
            <subfield code="a">Percheron Press pbk. ed.</subfield>
          </datafield>
          <datafield tag="260" ind1=" " ind2=" ">
            <subfield code="a">Clinton Corners, N.Y. :</subfield>
            <subfield code="b">Percheron Press,</subfield>
            <subfield code="c">c2003.</subfield>
          </datafield>
          <datafield tag="300" ind1=" " ind2=" ">
            <subfield code="a">xxvi, 490 p. :</subfield>
            <subfield code="b">ill. ;</subfield>
            <subfield code="c">23 cm.</subfield>
          </datafield>
          <datafield tag="440" ind1=" " ind2="0">
            <subfield code="a">Foundations of archaeology</subfield>
          </datafield>
          <datafield tag="500" ind1=" " ind2=" ">
            <subfield code="a">Originally published: Washington : Smithsonian Institution Press, c1988.</subfield>
          </datafield>
          <datafield tag="504" ind1=" " ind2=" ">
            <subfield code="a">Includes bibliographical references and index.</subfield>
          </datafield>
          <datafield tag="650" ind1=" " ind2="0">
            <subfield code="a">Archaeology and history</subfield>
            <subfield code="z">East (U.S.)</subfield>
          </datafield>
          <datafield tag="650" ind1=" " ind2="0">
            <subfield code="a">Material culture</subfield>
            <subfield code="z">East (U.S.)</subfield>
          </datafield>
          <datafield tag="650" ind1=" " ind2="0">
            <subfield code="a">Industrial archaeology</subfield>
            <subfield code="z">East (U.S.)</subfield>
          </datafield>
          <datafield tag="651" ind1=" " ind2="0">
            <subfield code="a">East (U.S.)</subfield>
            <subfield code="x">Antiquities.</subfield>
          </datafield>
          <datafield tag="650" ind1=" " ind2="0">
            <subfield code="a">Archaeology and history</subfield>
            <subfield code="z">Southern States.</subfield>
          </datafield>
          <datafield tag="650" ind1=" " ind2="0">
            <subfield code="a">Archaeology and history</subfield>
            <subfield code="z">New England.</subfield>
          </datafield>
          <datafield tag="651" ind1=" " ind2="0">
            <subfield code="a">Southern States</subfield>
            <subfield code="x">Antiquities.</subfield>
          </datafield>
          <datafield tag="651" ind1=" " ind2="0">
            <subfield code="a">New England</subfield>
            <subfield code="x">Antiquities.</subfield>
          </datafield>
          <datafield tag="700" ind1="1" ind2=" ">
            <subfield code="a">Leone, Mark P.</subfield>
          </datafield>
          <datafield tag="700" ind1="1" ind2=" ">
            <subfield code="a">Potter, Parker B.</subfield>
          </datafield>
        </record>
      </zs:recordData>
      <zs:recordPosition>11</zs:recordPosition>
    </zs:record>