
    <zs:record>
      <zs:recordSchema/>
      <zs:recordPacking>xml</zs:recordPacking>
      <zs:recordData>
        <record xmlns="http://www.loc.gov/MARC21/slim">
          <leader>01275nam a2200313 a 4500</leader>
          <controlfield tag="001">1647141</controlfield>
          <controlfield tag="005">19970303151045.3</controlfield>
          <controlfield tag="008">960327s1996    mduab    bc   000 0 eng d</controlfield>
          <datafield tag="035" ind1=" " ind2=" ">
            <subfield code="9">(DLC)   96209114</subfield>
          </datafield>
          <datafield tag="906" ind1=" " ind2=" ">
            <subfield code="a">7</subfield>
            <subfield code="b">cbc</subfield>
            <subfield code="c">copycat</subfield>
            <subfield code="d">2</subfield>
            <subfield code="e">ncip</subfield>
            <subfield code="f">19</subfield>
            <subfield code="g">y-gencatlg</subfield>
          </datafield>
          <datafield tag="955" ind1=" " ind2=" ">
            <subfield code="a">uc12 to HLCD 10-11-96; 10-15-96; lk02 11-06-96; lk29 (Z1238; E238) 02-18-97; to SL 02-18-97; lk18 2-19-97</subfield>
          </datafield>
          <datafield tag="010" ind1=" " ind2=" ">
            <subfield code="a">   96209114 </subfield>
          </datafield>
          <datafield tag="035" ind1=" " ind2=" ">
            <subfield code="a">(OCoLC)34467798 </subfield>
          </datafield>
          <datafield tag="040" ind1=" " ind2=" ">
            <subfield code="a">OTifH</subfield>
            <subfield code="c">OTifH</subfield>
            <subfield code="d">DLC</subfield>
          </datafield>
          <datafield tag="042" ind1=" " ind2=" ">
            <subfield code="a">lccopycat</subfield>
          </datafield>
          <datafield tag="043" ind1=" " ind2=" ">
            <subfield code="a">n-us-oh</subfield>
            <subfield code="a">n-uso--</subfield>
          </datafield>
          <datafield tag="050" ind1="0" ind2="0">
            <subfield code="a">Z1238</subfield>
            <subfield code="b">.B77 1996</subfield>
            <subfield code="a">E238</subfield>
          </datafield>
          <datafield tag="082" ind1="0" ind2="0">
            <subfield code="a">016.9733/38</subfield>
            <subfield code="2">21</subfield>
          </datafield>
          <datafield tag="100" ind1="1" ind2=" ">
            <subfield code="a">Brown, Parker B.</subfield>
          </datafield>
          <datafield tag="245" ind1="1" ind2="2">
            <subfield code="a">A guide to the revolutionary frontier collection /</subfield>
            <subfield code="c">by Parker Boyd Brown.</subfield>
          </datafield>
          <datafield tag="260" ind1=" " ind2=" ">
            <subfield code="a">Seabrook, Md. :</subfield>
            <subfield code="b">P.B. Brown,</subfield>
            <subfield code="c">1996.</subfield>
          </datafield>
          <datafield tag="300" ind1=" " ind2=" ">
            <subfield code="a">iv, 520 p. :</subfield>
            <subfield code="b">ill., maps ;</subfield>
            <subfield code="c">28 cm.</subfield>
          </datafield>
          <datafield tag="650" ind1=" " ind2="0">
            <subfield code="a">Crawford's Indian Campaign, Ohio, 1782</subfield>
            <subfield code="x">Sources</subfield>
            <subfield code="x">Bibliography</subfield>
            <subfield code="x">Catalogs.</subfield>
          </datafield>
          <datafield tag="600" ind1="1" ind2="0">
            <subfield code="a">Crawford, William,</subfield>
            <subfield code="d">1732-1782</subfield>
            <subfield code="x">Archives</subfield>
            <subfield code="x">Catalogs.</subfield>
          </datafield>
          <datafield tag="651" ind1=" " ind2="0">
            <subfield code="a">Ohio River Valley</subfield>
            <subfield code="x">History</subfield>
            <subfield code="y">Revolution, 1775-1783</subfield>
            <subfield code="x">Sources</subfield>
            <subfield code="x">Bibliography</subfield>
            <subfield code="x">Catalogs.</subfield>
          </datafield>
          <datafield tag="650" ind1=" " ind2="0">
            <subfield code="a">Frontier and pioneer life</subfield>
            <subfield code="z">Ohio River Valley</subfield>
            <subfield code="x">Sources</subfield>
            <subfield code="x">Bibliography</subfield>
            <subfield code="x">Catalogs.</subfield>
          </datafield>
          <datafield tag="600" ind1="1" ind2="0">
            <subfield code="a">Brown, Parker B.</subfield>
            <subfield code="x">Archives</subfield>
            <subfield code="x">Catalogs.</subfield>
          </datafield>
          <datafield tag="922" ind1=" " ind2=" ">
            <subfield code="a">ax</subfield>
          </datafield>
          <datafield tag="991" ind1=" " ind2=" ">
            <subfield code="b">c-GenColl</subfield>
            <subfield code="h">Z1238</subfield>
            <subfield code="i">.B77 1996</subfield>
            <subfield code="t">Copy 1</subfield>
            <subfield code="w">BOOKS</subfield>
          </datafield>
        </record>
      </zs:recordData>
      <zs:recordPosition>14</zs:recordPosition>
    </zs:record>