
    <zs:record>
      <zs:recordSchema/>
      <zs:recordPacking>xml</zs:recordPacking>
      <zs:recordData>
        <record xmlns="http://www.loc.gov/MARC21/slim">
          <leader>01069cam a22002897u 4500</leader>
          <controlfield tag="001">14056865</controlfield>
          <controlfield tag="005">20051223081510.0</controlfield>
          <controlfield tag="008">800213s1979    at a   j      000 0 eng d</controlfield>
          <datafield tag="906" ind1=" " ind2=" ">
            <subfield code="a">7</subfield>
            <subfield code="b">cbc</subfield>
            <subfield code="c">copycat</subfield>
            <subfield code="d">3</subfield>
            <subfield code="e">ncip</subfield>
            <subfield code="f">20</subfield>
            <subfield code="g">y-gencatlg</subfield>
          </datafield>
          <datafield tag="925" ind1="0" ind2=" ">
            <subfield code="a">Acquire</subfield>
            <subfield code="b">1 shelf copy</subfield>
            <subfield code="x">JPR 07/05/05</subfield>
          </datafield>
          <datafield tag="955" ind1=" " ind2=" ">
            <subfield code="a">ON ORDER (WMA 7/29/05); NB09 2005-09-24 (Copy 1) forwarded to HLCD for processing;</subfield>
            <subfield code="a">jx00 2005-12-12</subfield>
            <subfield code="i">jx33 2005-12-21</subfield>
            <subfield code="e">jx33 2005-12-21 to BCCD</subfield>
          </datafield>
          <datafield tag="010" ind1=" " ind2=" ">
            <subfield code="a">  2005432483</subfield>
          </datafield>
          <datafield tag="035" ind1=" " ind2=" ">
            <subfield code="a">(OCoLC)ocm28998544</subfield>
          </datafield>
          <datafield tag="040" ind1=" " ind2=" ">
            <subfield code="a">AUT</subfield>
            <subfield code="c">AUT</subfield>
            <subfield code="d">COQ</subfield>
            <subfield code="d">DLC</subfield>
          </datafield>
          <datafield tag="042" ind1=" " ind2=" ">
            <subfield code="a">lccopycat</subfield>
          </datafield>
          <datafield tag="020" ind1=" " ind2=" ">
            <subfield code="a">0908197098</subfield>
          </datafield>
          <datafield tag="050" ind1="0" ind2="0">
            <subfield code="a">PR9619.3.P2775</subfield>
            <subfield code="b">H57 1979</subfield>
          </datafield>
          <datafield tag="082" ind1=" " ind2=" ">
            <subfield code="a">A821/.3</subfield>
          </datafield>
          <datafield tag="100" ind1="1" ind2=" ">
            <subfield code="a">Parker, B.</subfield>
          </datafield>
          <datafield tag="245" ind1="1" ind2="4">
            <subfield code="a">The history of the hoppers :</subfield>
            <subfield code="b">verses /</subfield>
            <subfield code="c">by B. Parker ; illustrated by N. Parker.</subfield>
          </datafield>
          <datafield tag="260" ind1=" " ind2=" ">
            <subfield code="a">Sydney :</subfield>
            <subfield code="b">David Ell Press,</subfield>
            <subfield code="c">1979.</subfield>
          </datafield>
          <datafield tag="300" ind1=" " ind2=" ">
            <subfield code="a">[50] p. :</subfield>
            <subfield code="b">chiefly ill. (part col.) ;</subfield>
            <subfield code="c">31 cm.</subfield>
          </datafield>
          <datafield tag="500" ind1=" " ind2=" ">
            <subfield code="a">First published, London: W.R. Chambers, 1912.</subfield>
          </datafield>
          <datafield tag="650" ind1=" " ind2="0">
            <subfield code="a">Kangaroos</subfield>
            <subfield code="x">Poetry.</subfield>
          </datafield>
          <datafield tag="650" ind1=" " ind2="0">
            <subfield code="a">Australian poetry.</subfield>
          </datafield>
          <datafield tag="700" ind1="1" ind2=" ">
            <subfield code="a">Parker, N.,</subfield>
            <subfield code="e">illus.</subfield>
          </datafield>
          <datafield tag="923" ind1=" " ind2=" ">
            <subfield code="a">Purchase</subfield>
            <subfield code="d">20050804</subfield>
            <subfield code="n">2108</subfield>
            <subfield code="s">Berkelouw</subfield>
          </datafield>
        </record>
      </zs:recordData>
      <zs:recordPosition>23</zs:recordPosition>
    </zs:record>