
    <zs:record>
      <zs:recordSchema/>
      <zs:recordPacking>xml</zs:recordPacking>
      <zs:recordData>
        <record xmlns="http://www.loc.gov/MARC21/slim">
          <leader>00905cam a22002773a 4500</leader>
          <controlfield tag="001">17001039</controlfield>
          <controlfield tag="005">20180820113552.0</controlfield>
          <controlfield tag="008">111015s1991    nyu           000 1 eng d</controlfield>
          <datafield tag="906" ind1=" " ind2=" ">
            <subfield code="a">7</subfield>
            <subfield code="b">cbc</subfield>
            <subfield code="c">copycat</subfield>
            <subfield code="d">2</subfield>
            <subfield code="e">ncip</subfield>
            <subfield code="f">20</subfield>
            <subfield code="g">y-genrareb</subfield>
          </datafield>
          <datafield tag="925" ind1="0" ind2=" ">
            <subfield code="a">acquire</subfield>
            <subfield code="b">1 copy only regardless of location</subfield>
            <subfield code="x">policy default</subfield>
          </datafield>
          <datafield tag="955" ind1=" " ind2=" ">
            <subfield code="b">hj08 2011-10-15 z-processor</subfield>
            <subfield code="h">he08 2018-08-20</subfield>
          </datafield>
          <datafield tag="010" ind1=" " ind2=" ">
            <subfield code="a">  2011487873</subfield>
          </datafield>
          <datafield tag="020" ind1=" " ind2=" ">
            <subfield code="z">0451402650</subfield>
          </datafield>
          <datafield tag="035" ind1=" " ind2=" ">
            <subfield code="a">(OCoLC)ocm24227057</subfield>
          </datafield>
          <datafield tag="040" ind1=" " ind2=" ">
            <subfield code="a">MRQ</subfield>
            <subfield code="c">MRQ</subfield>
            <subfield code="d">SLC</subfield>
            <subfield code="d">YDXCP</subfield>
            <subfield code="d">DLC</subfield>
          </datafield>
          <datafield tag="042" ind1=" " ind2=" ">
            <subfield code="a">lccopycat</subfield>
          </datafield>
          <datafield tag="050" ind1="0" ind2="0">
            <subfield code="a">CPB Box no. 725 vol. 13</subfield>
          </datafield>
          <datafield tag="100" ind1="1" ind2=" ">
            <subfield code="a">Parker, Barbara Jeanne.</subfield>
          </datafield>
          <datafield tag="245" ind1="1" ind2="0">
            <subfield code="a">Running mates /</subfield>
            <subfield code="c">Barbara Jeanne Parker.</subfield>
          </datafield>
          <datafield tag="260" ind1=" " ind2=" ">
            <subfield code="a">New York, N.Y. :</subfield>
            <subfield code="b">Penguin Group,</subfield>
            <subfield code="c">1991.</subfield>
          </datafield>
          <datafield tag="300" ind1=" " ind2=" ">
            <subfield code="a">318 p. ;</subfield>
            <subfield code="c">18 cm.</subfield>
          </datafield>
          <datafield tag="490" ind1="0" ind2=" ">
            <subfield code="a">Onyx</subfield>
          </datafield>
          <datafield tag="490" ind1="0" ind2=" ">
            <subfield code="a">An Onyx Book</subfield>
          </datafield>
          <datafield tag="490" ind1="0" ind2=" ">
            <subfield code="a">Onyx Novel ;</subfield>
            <subfield code="v">JE 265</subfield>
          </datafield>
          <datafield tag="655" ind1=" " ind2="7">
            <subfield code="a">Love stories.</subfield>
            <subfield code="2">gsafd</subfield>
          </datafield>
          <datafield tag="710" ind1="2" ind2=" ">
            <subfield code="a">Copyright Paperback Collection (Library of Congress)</subfield>
            <subfield code="5">DLC</subfield>
          </datafield>
        </record>
      </zs:recordData>
      <zs:recordPosition>42</zs:recordPosition>
    </zs:record>