
    <zs:record>
      <zs:recordSchema/>
      <zs:recordPacking>xml</zs:recordPacking>
      <zs:recordData>
        <record xmlns="http://www.loc.gov/MARC21/slim">
          <leader>01561cam a2200301 a 4500</leader>
          <controlfield tag="001">12989510</controlfield>
          <controlfield tag="005">20050620173005.0</controlfield>
          <controlfield tag="008">021101s2003    paua   j bi   001 0beng  </controlfield>
          <datafield tag="906" ind1=" " ind2=" ">
            <subfield code="a">7</subfield>
            <subfield code="b">cbc</subfield>
            <subfield code="c">orignew</subfield>
            <subfield code="d">1</subfield>
            <subfield code="e">ecip</subfield>
            <subfield code="f">20</subfield>
            <subfield code="g">y-gencatlg</subfield>
          </datafield>
          <datafield tag="925" ind1="0" ind2=" ">
            <subfield code="a">acquire</subfield>
            <subfield code="b">1 shelf copy</subfield>
            <subfield code="x">policy default</subfield>
          </datafield>
          <datafield tag="955" ind1=" " ind2=" ">
            <subfield code="a">lc20 2002-11-01</subfield>
            <subfield code="c">lc20/lc09 2002-11-01</subfield>
            <subfield code="d">lc09 2002-11-04</subfield>
            <subfield code="e">lc15 2002-11-06 to Dewey</subfield>
            <subfield code="a">aa05 2002-11-06</subfield>
            <subfield code="a">ps06 2003-08-29 1 copy rec'd., to CIP ver.</subfield>
            <subfield code="f">lc03 2003-09-24 CIP Ver</subfield>
            <subfield code="g">lc03 2003-09-24 to BCCD</subfield>
          </datafield>
          <datafield tag="010" ind1=" " ind2=" ">
            <subfield code="a">  2002153048</subfield>
          </datafield>
          <datafield tag="020" ind1=" " ind2=" ">
            <subfield code="a">0791072525</subfield>
          </datafield>
          <datafield tag="040" ind1=" " ind2=" ">
            <subfield code="a">DLC</subfield>
            <subfield code="c">DLC</subfield>
            <subfield code="d">DLC</subfield>
          </datafield>
          <datafield tag="042" ind1=" " ind2=" ">
            <subfield code="a">pcc</subfield>
          </datafield>
          <datafield tag="043" ind1=" " ind2=" ">
            <subfield code="a">e-sp---</subfield>
          </datafield>
          <datafield tag="050" ind1="0" ind2="0">
            <subfield code="a">PQ6337</subfield>
            <subfield code="b">.P37 2003</subfield>
          </datafield>
          <datafield tag="082" ind1="0" ind2="0">
            <subfield code="a">863/.3</subfield>
            <subfield code="a">B</subfield>
            <subfield code="2">21</subfield>
          </datafield>
          <datafield tag="100" ind1="1" ind2=" ">
            <subfield code="a">Parker, Barbara Keevil.</subfield>
          </datafield>
          <datafield tag="245" ind1="1" ind2="0">
            <subfield code="a">Miguel de Cervantes /</subfield>
            <subfield code="c">Barbara Keevil Parker and Duane F. Parker.</subfield>
          </datafield>
          <datafield tag="260" ind1=" " ind2=" ">
            <subfield code="a">Philadelphia :</subfield>
            <subfield code="b">Chelsea House Publishers,</subfield>
            <subfield code="c">c2003.</subfield>
          </datafield>
          <datafield tag="300" ind1=" " ind2=" ">
            <subfield code="a">110 p. :</subfield>
            <subfield code="b">ill. (some col.) ;</subfield>
            <subfield code="c">25 cm.</subfield>
          </datafield>
          <datafield tag="440" ind1=" " ind2="4">
            <subfield code="a">The great Hispanic heritage</subfield>
          </datafield>
          <datafield tag="504" ind1=" " ind2=" ">
            <subfield code="a">Includes bibliographical references (p. 101-104) and index.</subfield>
          </datafield>
          <datafield tag="505" ind1="0" ind2=" ">
            <subfield code="a">Tilting at the windmills : the imagination -- Road from Alcalá to Rome : youth -- The fighter at Lepanto : military years -- Captive in Algiers : five years in prison -- Missions in Andalusia : the royal commissions -- To dream the impossible dream : the writer -- When the troubled spirit may rest : death.</subfield>
          </datafield>
          <datafield tag="600" ind1="1" ind2="0">
            <subfield code="a">Cervantes Saavedra, Miguel de,</subfield>
            <subfield code="d">1547-1616.</subfield>
            <subfield code="v">Juvenile literature.</subfield>
          </datafield>
          <datafield tag="650" ind1=" " ind2="0">
            <subfield code="a">Authors, Spanish</subfield>
            <subfield code="y">Classical period, 1500-1700</subfield>
            <subfield code="v">Biography</subfield>
            <subfield code="v">Juvenile literature.</subfield>
          </datafield>
          <datafield tag="700" ind1="1" ind2=" ">
            <subfield code="a">Parker, Duane F.</subfield>
            <subfield code="q">(Duane Frank),</subfield>
            <subfield code="d">1937-</subfield>
          </datafield>
        </record>
      </zs:recordData>
      <zs:recordPosition>47</zs:recordPosition>
    </zs:record>