
    <zs:record>
      <zs:recordSchema/>
      <zs:recordPacking>xml</zs:recordPacking>
      <zs:recordData>
        <record xmlns="http://www.loc.gov/MARC21/slim">
          <leader>01395cam a22003254a 4500</leader>
          <controlfield tag="001">14404053</controlfield>
          <controlfield tag="005">20071213080625.0</controlfield>
          <controlfield tag="008">060607s2007    mnua   j b    001 0 eng  </controlfield>
          <datafield tag="906" ind1=" " ind2=" ">
            <subfield code="a">7</subfield>
            <subfield code="b">cbc</subfield>
            <subfield code="c">orignew</subfield>
            <subfield code="d">1</subfield>
            <subfield code="e">ecip</subfield>
            <subfield code="f">20</subfield>
            <subfield code="g">y-gencatlg</subfield>
          </datafield>
          <datafield tag="925" ind1="0" ind2=" ">
            <subfield code="a">acquire</subfield>
            <subfield code="b">1 shelf copies</subfield>
            <subfield code="x">policy default</subfield>
          </datafield>
          <datafield tag="955" ind1=" " ind2=" ">
            <subfield code="a">jb09 2006-06-07</subfield>
            <subfield code="i">jb09 2006-06-07</subfield>
            <subfield code="e">jb09 2006-06-07 to Dewey</subfield>
            <subfield code="a">aa07 2006-06-09</subfield>
            <subfield code="a">ps05 2007-11-02 1 copy rec'd., to CIP ver.</subfield>
            <subfield code="f">sc30 2007-11-09 Z-CipVer</subfield>
            <subfield code="f">sc30/sc11 2007-11-09 Z-CipVer</subfield>
            <subfield code="g">sc30 2007-12-13 to BCCD</subfield>
          </datafield>
          <datafield tag="010" ind1=" " ind2=" ">
            <subfield code="a">  2006018810</subfield>
          </datafield>
          <datafield tag="020" ind1=" " ind2=" ">
            <subfield code="a">0822564645</subfield>
          </datafield>
          <datafield tag="020" ind1=" " ind2=" ">
            <subfield code="a">9780822564645</subfield>
          </datafield>
          <datafield tag="035" ind1=" " ind2=" ">
            <subfield code="a">(OCoLC)ocm70062998</subfield>
          </datafield>
          <datafield tag="035" ind1=" " ind2=" ">
            <subfield code="a">(OCoLC)70062998</subfield>
          </datafield>
          <datafield tag="040" ind1=" " ind2=" ">
            <subfield code="a">DLC</subfield>
            <subfield code="c">DLC</subfield>
            <subfield code="d">IG#</subfield>
            <subfield code="d">BAKER</subfield>
            <subfield code="d">BTCTA</subfield>
            <subfield code="d">GK8</subfield>
            <subfield code="d">RL9</subfield>
            <subfield code="d">DLC</subfield>
          </datafield>
          <datafield tag="042" ind1=" " ind2=" ">
            <subfield code="a">lcac</subfield>
          </datafield>
          <datafield tag="050" ind1="0" ind2="0">
            <subfield code="a">QL458</subfield>
            <subfield code="b">.P436 2007</subfield>
          </datafield>
          <datafield tag="100" ind1="1" ind2=" ">
            <subfield code="a">Parker, Barbara Keevil.</subfield>
          </datafield>
          <datafield tag="245" ind1="1" ind2="0">
            <subfield code="a">Ticks /</subfield>
            <subfield code="c">by Barbara Keevil Parker.</subfield>
          </datafield>
          <datafield tag="260" ind1=" " ind2=" ">
            <subfield code="a">Minneapolis, MN :</subfield>
            <subfield code="b">Lerner Pub.,</subfield>
            <subfield code="c">c2007.</subfield>
          </datafield>
          <datafield tag="300" ind1=" " ind2=" ">
            <subfield code="a">48 p. :</subfield>
            <subfield code="b">col. ill. ;</subfield>
            <subfield code="c">23 cm.</subfield>
          </datafield>
          <datafield tag="440" ind1=" " ind2="0">
            <subfield code="a">Early bird nature books</subfield>
          </datafield>
          <datafield tag="520" ind1=" " ind2=" ">
            <subfield code="a">Discusses the physical characteristics, behavior, and life cycle of the tick.</subfield>
          </datafield>
          <datafield tag="504" ind1=" " ind2=" ">
            <subfield code="a">Includes bibliographical references (p. 45) and index.</subfield>
          </datafield>
          <datafield tag="505" ind1="0" ind2=" ">
            <subfield code="a">Meet a tick -- Where ticks live -- How ticks eat -- A Tick's life cycle -- Ticks and people.</subfield>
          </datafield>
          <datafield tag="650" ind1=" " ind2="0">
            <subfield code="a">Ticks</subfield>
            <subfield code="v">Juvenile literature.</subfield>
          </datafield>
          <datafield tag="650" ind1=" " ind2="1">
            <subfield code="a">Ticks.</subfield>
          </datafield>
          <datafield tag="856" ind1="4" ind2="1">
            <subfield code="3">Table of contents only</subfield>
            <subfield code="u">http://www.loc.gov/catdir/toc/ecip0615/2006018810.html</subfield>
          </datafield>
        </record>
      </zs:recordData>
      <zs:recordPosition>50</zs:recordPosition>
    </zs:record>