
    <zs:record>
      <zs:recordSchema/>
      <zs:recordPacking>xml</zs:recordPacking>
      <zs:recordData>
        <record xmlns="http://www.loc.gov/MARC21/slim">
          <leader>01358cam a22003011  4500</leader>
          <controlfield tag="001">8393741</controlfield>
          <controlfield tag="005">20150415141739.0</controlfield>
          <controlfield tag="008">750403r1955uuuumaua          000 0 eng  </controlfield>
          <datafield tag="906" ind1=" " ind2=" ">
            <subfield code="a">7</subfield>
            <subfield code="b">cbc</subfield>
            <subfield code="c">oclcrpl</subfield>
            <subfield code="d">u</subfield>
            <subfield code="e">ncip</subfield>
            <subfield code="f">19</subfield>
            <subfield code="g">y-gencatlg</subfield>
          </datafield>
          <datafield tag="925" ind1="0" ind2=" ">
            <subfield code="a">acquire</subfield>
            <subfield code="b">1 shelf copy</subfield>
            <subfield code="x">policy default</subfield>
          </datafield>
          <datafield tag="010" ind1=" " ind2=" ">
            <subfield code="a">   55014827 </subfield>
          </datafield>
          <datafield tag="015" ind1=" " ind2=" ">
            <subfield code="a">GB55-13391</subfield>
          </datafield>
          <datafield tag="035" ind1=" " ind2=" ">
            <subfield code="9">(DLC)   55014827</subfield>
          </datafield>
          <datafield tag="035" ind1=" " ind2=" ">
            <subfield code="a">(OCoLC)1250975</subfield>
          </datafield>
          <datafield tag="040" ind1=" " ind2=" ">
            <subfield code="a">DLC</subfield>
            <subfield code="c">NBiSU</subfield>
            <subfield code="d">OCoLC</subfield>
            <subfield code="d">Uk</subfield>
            <subfield code="d">DLC</subfield>
          </datafield>
          <datafield tag="050" ind1="0" ind2="0">
            <subfield code="a">ND207</subfield>
            <subfield code="b">.P45</subfield>
          </datafield>
          <datafield tag="082" ind1=" " ind2=" ">
            <subfield code="a">757</subfield>
          </datafield>
          <datafield tag="100" ind1="1" ind2=" ">
            <subfield code="a">Phillips, John Marshall,</subfield>
            <subfield code="d">1905-1953.</subfield>
          </datafield>
          <datafield tag="245" ind1="1" ind2="4">
            <subfield code="a">The discoveries of Waldron Phoenix Belknap, Jr.,</subfield>
            <subfield code="b">concerning the influence of the English mezzotint on colonial painting;</subfield>
            <subfield code="c">edited by John Marshall Phillips and Barbara N. Parker.</subfield>
          </datafield>
          <datafield tag="260" ind1=" " ind2=" ">
            <subfield code="a">Cambridge,</subfield>
            <subfield code="b">Harvard University Press,</subfield>
            <subfield code="c">1955.</subfield>
          </datafield>
          <datafield tag="300" ind1=" " ind2=" ">
            <subfield code="a">39 p.</subfield>
            <subfield code="b">illus.</subfield>
            <subfield code="c">27 cm.</subfield>
          </datafield>
          <datafield tag="500" ind1=" " ind2=" ">
            <subfield code="a">"This essay and the reproductions of mezzotints and portraits that illustrate it are reprinted from a catalogue of the Waldron Phoenix Belknap, Jr., collection of portraits and silver of early New York, published for the New-York Historical Society by Harvard University Press."</subfield>
          </datafield>
          <datafield tag="650" ind1=" " ind2="0">
            <subfield code="a">Painting, American.</subfield>
          </datafield>
          <datafield tag="650" ind1=" " ind2="0">
            <subfield code="a">Mezzotint engraving, British.</subfield>
          </datafield>
          <datafield tag="600" ind1="1" ind2="0">
            <subfield code="a">Belknap, Waldron Phoenix,</subfield>
            <subfield code="d">1899-1949.</subfield>
          </datafield>
          <datafield tag="700" ind1="1" ind2=" ">
            <subfield code="a">Parker, Barbara Neville.</subfield>
          </datafield>
          <datafield tag="985" ind1=" " ind2=" ">
            <subfield code="e">OCLC REPLACEMENT</subfield>
          </datafield>
          <datafield tag="991" ind1=" " ind2=" ">
            <subfield code="t">Copy 1</subfield>
            <subfield code="b">c-GenColl</subfield>
            <subfield code="h">ND207</subfield>
            <subfield code="i">.P45</subfield>
            <subfield code="w">OCLCREP</subfield>
          </datafield>
        </record>
      </zs:recordData>
      <zs:recordPosition>55</zs:recordPosition>
    </zs:record>